<?xml version="1.0" encoding="UTF-8"?><collection xmlns="http://www.loc.gov/MARC21/slim"><record><leader>00392nam--2200133-i-4500</leader><controlfield tag="001">000004777</controlfield><controlfield tag="002">20161230</controlfield><controlfield tag="005">20161230201026</controlfield><controlfield tag="008">060222s1000------------r-----000-0-eng-d</controlfield><datafield ind1=" " ind2=" " tag="080"><subfield code="a">519.24:54:660</subfield></datafield><datafield ind1=" " ind2=" " tag="100"><subfield code="a">Bennett, C.A., Franklin, N.L</subfield></datafield><datafield ind1=" " ind2=" " tag="245"><subfield code="a">Statistical analysis in chemistry and the chem ical industry</subfield></datafield><datafield ind1=" " ind2=" " tag="260"><subfield code="a">New York, John Wiley &amp; Sons, Inc., 1954. Xvi + 724 P</subfield></datafield><datafield ind1=" " ind2=" " tag="852"><subfield code="a">14517</subfield></datafield></record></collection>